@article{dis,
    author = {OTA},
    title = {Online-disassembler},
    note = { \url{https://www.onlinedisassembler.com/odaweb/} }
}

@article{make,
    author = {Bruce A. Maxwell},
    title = {Makefile-tutor},
    note = { \url{http://www.cs.colby.edu/maxwell/courses/tutorials/maketutor/} }
}
